<record><leader>00000cas a22000007a 4500</leader><controlfield tag="001">11632276</controlfield><controlfield tag="008">850129d18731874wiuwr ne      0    0eng d</controlfield><datafield ind1=" " ind2=" " tag="010"><subfield code="a">sn 85033044 </subfield></datafield><datafield ind1=" " ind2=" " tag="040"><subfield code="a">NPU</subfield><subfield code="b">eng</subfield><subfield code="c">NPU</subfield><subfield code="d">NPV</subfield><subfield code="d">OCLCQ</subfield></datafield><datafield ind1=" " ind2=" " tag="042"><subfield code="a">msc</subfield></datafield><datafield ind1=" " ind2=" " tag="045"><subfield code="a">w7w7</subfield></datafield><datafield ind1="0" ind2="4" tag="245"><subfield code="a">The Elroy union.</subfield></datafield><datafield ind1=" " ind2=" " tag="260"><subfield code="a">Elroy, Wis. :</subfield><subfield code="b">Richards &amp; Powers,</subfield><subfield code="c">1873-</subfield></datafield><datafield ind1=" " ind2=" " tag="300"><subfield code="a">v. :</subfield><subfield code="b">ill. (chiefly advertisments) ;</subfield><subfield code="c">59 cm.</subfield></datafield><datafield ind1=" " ind2=" " tag="310"><subfield code="a">Weekly</subfield></datafield><datafield ind1="0" ind2=" " tag="362"><subfield code="a">Vol. 1, no. 1 (Jan. 11, 1873)-</subfield></datafield><datafield ind1="1" ind2=" " tag="362"><subfield code="a">Ceased Jan. 8, 1874.</subfield><subfield code="z">Cf. Gregory, W. Amer. newspapers.</subfield></datafield><datafield ind1=" " ind2=" " tag="525"><subfield code="a">Supplements accompany some issues.</subfield></datafield><datafield ind1=" " ind2=" " tag="530"><subfield code="a">Available on microfilm from The State Historical Society of Wisconsin.</subfield></datafield><datafield ind1=" " ind2=" " tag="752"><subfield code="a">United States</subfield><subfield code="b">Wisconsin</subfield><subfield code="c">Juneau</subfield><subfield code="d">Elroy.</subfield></datafield><datafield ind1="1" ind2=" " tag="029"><subfield code="a">AU@</subfield><subfield code="b">000025834446</subfield></datafield></record>